@misc{prog,
	title="Программа государственной итоговой аттестации",
	year="2016",
	url="http://fit.nsu.ru/data_/docs/bak/OOP/4_RPD/09.03.01/_09.03.01_GIA.pdf"
}